
@book{peskin1995,
  title={An Introduction to Quantum Field Theory},
  author={Peskin, Michael E and Schroeder, Daniel V},
  year={1995},
  publisher={Westview Press}
}

@article{higgs1964,
  title={Broken symmetries and the masses of gauge bosons},
  author={Higgs, Peter W},
  journal={Physical Review Letters},
  volume={13},
  number={16},
  pages={508--509},
  year={1964}
}

@book{misner1973,
  title={Gravitation},
  author={Misner, Charles W and Thorne, Kip S and Wheeler, John Archibald},
  year={1973},
  publisher={W. H. Freeman}
}

@book{padmanabhan2010,
  title={Gravitation: Foundations and Frontiers},
  author={Padmanabhan, Thanu},
  year={2010},
  publisher={Cambridge University Press}
}

@article{bohm1952,
  title={A suggested interpretation of the quantum theory in terms of "hidden" variables. I},
  author={Bohm, David},
  journal={Physical Review},
  volume={85},
  number={2},
  pages={166--179},
  year={1952}
}

@book{carroll2010,
  title={From Eternity to Here: The Quest for the Ultimate Theory of Time},
  author={Carroll, Sean M},
  year={2010},
  publisher={Dutton}
}

@article{zurek2003,
  title={Decoherence, einselection, and the quantum origins of the classical},
  author={Zurek, Wojciech H},
  journal={Reviews of Modern Physics},
  volume={75},
  number={3},
  pages={715--775},
  year={2003}
}

@book{bohm1993,
  title={The Undivided Universe: An Ontological Interpretation of Quantum Theory},
  author={Bohm, David and Hiley, Basil J},
  year={1993},
  publisher={Routledge}
}

@book{weinberg1995,
  title={The Quantum Theory of Fields},
  author={Weinberg, Steven},
  volume={1},
  year={1995},
  publisher={Cambridge University Press}
}
